<record><leader>00000cas a22000007a 4500</leader><controlfield tag="001">12823778</controlfield><controlfield tag="008">851120d19551980utuwr ne      0    0eng d</controlfield><datafield ind1=" " ind2=" " tag="010"><subfield code="a">sn 85058311 </subfield></datafield><datafield ind1=" " ind2=" " tag="040"><subfield code="a">UNP</subfield><subfield code="b">eng</subfield><subfield code="c">UNP</subfield><subfield code="d">OCLCQ</subfield><subfield code="d">UBY</subfield><subfield code="d">OCLCQ</subfield><subfield code="d">OCLCF</subfield><subfield code="d">OCLCO</subfield></datafield><datafield ind1="1" ind2=" " tag="029"><subfield code="a">AU@</subfield><subfield code="b">000023482072</subfield></datafield><datafield ind1=" " ind2=" " tag="042"><subfield code="a">msc</subfield></datafield><datafield ind1=" " ind2=" " tag="043"><subfield code="a">n-us-ut</subfield></datafield><datafield ind1="0" ind2="0" tag="245"><subfield code="a">Valley view news.</subfield></datafield><datafield ind1=" " ind2=" " tag="260"><subfield code="a">Salt Lake County [Salt Lake City], Utah :</subfield><subfield code="b">Valley View News Pub. Co.,</subfield><subfield code="c">-1980.</subfield></datafield><datafield ind1=" " ind2=" " tag="300"><subfield code="a">v. :</subfield><subfield code="b">ill.</subfield></datafield><datafield ind1=" " ind2=" " tag="310"><subfield code="a">Weekly</subfield></datafield><datafield ind1="1" ind2=" " tag="362"><subfield code="a">Began in 1955?</subfield></datafield><datafield ind1="0" ind2=" " tag="362"><subfield code="a">-v. 26, no. 27 (July 10, 1980).</subfield></datafield><datafield ind1=" " ind2=" " tag="500"><subfield code="a">Subtitle: Kearns community paper, Feb. 15, 1973-Mar. 27, 1980.</subfield></datafield><datafield ind1=" " ind2=" " tag="500"><subfield code="a">"Serving Kearns, Granger, Hunter, Magna, Taylorsville."</subfield></datafield><datafield ind1=" " ind2=" " tag="500"><subfield code="a">Moved to Kearns, Utah, Feb. 15, 1973; printed in Magna, Utah.</subfield></datafield><datafield ind1=" " ind2="0" tag="651"><subfield code="a">West Valley City (Utah)</subfield><subfield code="v">Newspapers.</subfield></datafield><datafield ind1=" " ind2="0" tag="651"><subfield code="a">Salt Lake County (Utah)</subfield><subfield code="v">Newspapers.</subfield></datafield><datafield ind1=" " ind2="7" tag="655"><subfield code="a">Newspapers.</subfield><subfield code="2">fast</subfield><subfield code="0">(OCoLC)fst01423814</subfield></datafield><datafield ind1=" " ind2="7" tag="651"><subfield code="a">Utah</subfield><subfield code="z">Salt Lake County.</subfield><subfield code="2">fast</subfield><subfield code="0">(OCoLC)fst01207106</subfield></datafield><datafield ind1=" " ind2="7" tag="651"><subfield code="a">Utah</subfield><subfield code="z">West Valley City.</subfield><subfield code="2">fast</subfield><subfield code="0">(OCoLC)fst01263649</subfield></datafield><datafield ind1=" " ind2=" " tag="752"><subfield code="a">United States</subfield><subfield code="b">Utah</subfield><subfield code="c">Salt Lake</subfield><subfield code="d">Salt Lake City.</subfield></datafield><datafield ind1=" " ind2=" " tag="752"><subfield code="a">United States</subfield><subfield code="b">Utah</subfield><subfield code="c">Salt Lake</subfield><subfield code="d">Kearns.</subfield></datafield><datafield ind1=" " ind2=" " tag="752"><subfield code="a">United States</subfield><subfield code="b">Utah</subfield><subfield code="c">Salt Lake</subfield><subfield code="d">Magna.</subfield></datafield><datafield ind1="0" ind2="0" tag="785"><subfield code="t">West Valley view</subfield><subfield code="w">(DLC)sn 85058312</subfield><subfield code="w">(OCoLC)12823778</subfield></datafield></record>